<record><recordSchema>MARC21plus-xml</recordSchema><recordPacking>xml</recordPacking><recordData><collection xmlns="http://www.loc.gov/MARC21/slim">
  <record type="Bibliographic">
    <leader>00972nas a22002418c 4500</leader>
    <controlfield tag="001">1036678733</controlfield>
    <controlfield tag="003">DE-101</controlfield>
    <controlfield tag="005">20130702175118.0</controlfield>
    <controlfield tag="007">tu</controlfield>
    <controlfield tag="008">130702c20119999sz u||p|  ||| 0||||0fre c</controlfield>
    <datafield ind1="7" ind2=" " tag="016">
      <subfield code="2">DE-101</subfield>
      <subfield code="a">1036678733</subfield>
    </datafield>
    <datafield ind1="7" ind2=" " tag="016">
      <subfield code="2">DE-600</subfield>
      <subfield code="a">2722720-0</subfield>
    </datafield>
    <datafield ind1=" " ind2=" " tag="035">
      <subfield code="a">(DE-599)ZDB2722720-0</subfield>
    </datafield>
    <datafield ind1=" " ind2=" " tag="040">
      <subfield code="a">1141</subfield>
      <subfield code="b">ger</subfield>
      <subfield code="c">DE-101</subfield>
      <subfield code="d">1141</subfield>
    </datafield>
    <datafield ind1=" " ind2=" " tag="041">
      <subfield code="a">fre</subfield>
    </datafield>
    <datafield ind1=" " ind2=" " tag="044">
      <subfield code="c">XA-CH</subfield>
    </datafield>
    <datafield ind1="2" ind2=" " tag="110">
      <subfield code="0">(DE-588)2140654-6</subfield>
      <subfield code="0">(DE-101)942372344</subfield>
      <subfield code="a">Schweizerische Alzheimervereinigung</subfield>
      <subfield code="4">aut</subfield>
    </datafield>
    <datafield ind1="1" ind2="0" tag="245">
      <subfield code="a">Rapport annuel / Association Alzheimer Suisse</subfield>
    </datafield>
    <datafield ind1="3" ind2=" " tag="260">
      <subfield code="a">Yverdon-les-Bains</subfield>
      <subfield code="b">Association Alzheimer Suisse</subfield>
    </datafield>
    <datafield ind1="0" ind2=" " tag="362">
      <subfield code="a">Nachgewiesen 2010(2011) -</subfield>
    </datafield>
    <datafield ind1="0" ind2="1" tag="363">
      <subfield code="8">1.1\x</subfield>
      <subfield code="i">2010</subfield>
    </datafield>
    <datafield ind1="0" ind2="8" tag="775">
      <subfield code="i">Ital. Ausg.</subfield>
      <subfield code="a">Schweizerische Alzheimervereinigung</subfield>
      <subfield code="t">Rapporto annuale / Associazione Alzheimer Svizzera</subfield>
      <subfield code="w">(DE-600)2722721-2</subfield>
      <subfield code="w">(DE-101)1036678784</subfield>
    </datafield>
    <datafield ind1="0" ind2="0" tag="780">
      <subfield code="i">Dt. Ausg. u. hervorgeg. aus</subfield>
      <subfield code="a">Schweizerische Alzheimervereinigung</subfield>
      <subfield code="t">Jahresbericht / Schweizerische Alzheimervereinigung</subfield>
      <subfield code="w">(DE-600)2087838-2</subfield>
      <subfield code="w">(DE-101)023859105</subfield>
    </datafield>
  </record>

  <record type="Holdings">
    <leader>00479ny  a22001579n 4500</leader>
    <controlfield tag="001">266066453</controlfield>
    <controlfield tag="003">DE-101</controlfield>
    <controlfield tag="004">1036678733</controlfield>
    <controlfield tag="005">20130703030510.0</controlfield>
    <controlfield tag="008">130702||||||||||||||||ger|||||||</controlfield>
    <datafield ind1="7" ind2=" " tag="016">
      <subfield code="a">2722720-0</subfield>
      <subfield code="2">DE-600</subfield>
    </datafield>
    <datafield ind1=" " ind2=" " tag="092">
      <subfield code="a">950200-2</subfield>
      <subfield code="d">101a</subfield>
      <subfield code="k">SAX</subfield>
      <subfield code="l">a</subfield>
      <subfield code="o">b</subfield>
    </datafield>
    <datafield ind1=" " ind2=" " tag="541">
      <subfield code="e">L-2011-266066453</subfield>
    </datafield>
    <datafield ind1=" " ind2=" " tag="852">
      <subfield code="a">DE-101a</subfield>
    </datafield>
    <datafield ind1=" " ind2="0" tag="866">
      <subfield code="z">Gehoert nicht zum Sammelgebiet der Deutschen Nationalbibliothek</subfield>
    </datafield>
    <datafield ind1=" " ind2="0" tag="866">
      <subfield code="x">NSG: fremdspr., im Ausland ersch. Veröff., keine Übers.; Vorlage: 2010. 2.7.13/fp</subfield>
    </datafield>
  </record>
</collection></recordData><recordPosition>3</recordPosition></record>