<record><recordSchema>MARC21plus-xml</recordSchema><recordPacking>xml</recordPacking><recordData><collection xmlns="http://www.loc.gov/MARC21/slim">
  <record type="Bibliographic">
    <leader>01111nas a22002538c 4500</leader>
    <controlfield tag="001">989514528</controlfield>
    <controlfield tag="003">DE-101</controlfield>
    <controlfield tag="005">20090118151048.0</controlfield>
    <controlfield tag="007">tu</controlfield>
    <controlfield tag="008">080708c20089999|||u||p|  ||| 0||||0||| c</controlfield>
    <datafield ind1="7" ind2=" " tag="016">
      <subfield code="2">DE-101</subfield>
      <subfield code="a">989514528</subfield>
    </datafield>
    <datafield ind1="7" ind2=" " tag="016">
      <subfield code="2">DE-600</subfield>
      <subfield code="a">2436353-4</subfield>
    </datafield>
    <datafield ind1=" " ind2=" " tag="035">
      <subfield code="a">(DE-599)ZDB2436353-4</subfield>
    </datafield>
    <datafield ind1=" " ind2=" " tag="040">
      <subfield code="a">1141</subfield>
      <subfield code="b">ger</subfield>
      <subfield code="c">DE-101</subfield>
      <subfield code="d">9999</subfield>
    </datafield>
    <datafield ind1="7" ind2="4" tag="082">
      <subfield code="a">610</subfield>
      <subfield code="q">DE-600</subfield>
      <subfield code="2">22sdnb</subfield>
    </datafield>
    <datafield ind1=" " ind2=" " tag="084">
      <subfield code="a">610</subfield>
      <subfield code="q">DE-600</subfield>
      <subfield code="2">sdnb</subfield>
    </datafield>
    <datafield ind1="2" ind2=" " tag="110">
      <subfield code="0">(DE-588)2140654-6</subfield>
      <subfield code="0">(DE-101)942372344</subfield>
      <subfield code="a">Schweizerische Alzheimervereinigung</subfield>
      <subfield code="4">aut</subfield>
    </datafield>
    <datafield ind1="1" ind2="0" tag="245">
      <subfield code="a">Memo / Association Alzheimer Suisse</subfield>
      <subfield code="b">bulletin pour membres et sympathisants</subfield>
      <subfield code="n">[...]</subfield>
      <subfield code="p">[Französische Ausgabe]</subfield>
    </datafield>
    <datafield ind1="1" ind2="9" tag="246">
      <subfield code="a">Memo / Französische Ausgabe</subfield>
    </datafield>
    <datafield ind1="3" ind2=" " tag="260">
      <subfield code="a">Yverdon-les-Bains</subfield>
      <subfield code="b">Assoc. Alzheimer Suisse</subfield>
    </datafield>
    <datafield ind1="0" ind2=" " tag="362">
      <subfield code="a">Nachgewiesen 2008 -</subfield>
    </datafield>
    <datafield ind1="0" ind2="8" tag="775">
      <subfield code="i">Dt. Ausg.</subfield>
      <subfield code="a">Schweizerische Alzheimervereinigung</subfield>
      <subfield code="t">Memo / Deutsche Ausgabe / Schweizerische Alzheimervereinigung</subfield>
      <subfield code="w">(DE-600)2423815-6</subfield>
      <subfield code="w">(DE-101)964991209</subfield>
    </datafield>
    <datafield ind1="0" ind2="8" tag="775">
      <subfield code="i">Ital. Ausg.</subfield>
      <subfield code="a">Schweizerische Alzheimervereinigung</subfield>
      <subfield code="t">Memo / Italienische Ausgabe / Associazione Alzheimer Svizzera</subfield>
      <subfield code="w">(DE-600)2436347-9</subfield>
      <subfield code="w">(DE-101)989514285</subfield>
    </datafield>
    <datafield ind1=" " ind2=" " tag="930">
      <subfield code="a">[Französische Ausgabe]</subfield>
    </datafield>
  </record>

  <record type="Holdings">
    <leader>00466ny  a22001579n 4500</leader>
    <controlfield tag="001">141399902</controlfield>
    <controlfield tag="003">DE-101</controlfield>
    <controlfield tag="004">989514528</controlfield>
    <controlfield tag="005">20081011181644.0</controlfield>
    <controlfield tag="008">080708||||||||||||||||ger|||||||</controlfield>
    <datafield ind1="7" ind2=" " tag="016">
      <subfield code="a">2436353-4</subfield>
      <subfield code="2">DE-600</subfield>
    </datafield>
    <datafield ind1=" " ind2=" " tag="092">
      <subfield code="a">950200-2</subfield>
      <subfield code="d">101a</subfield>
      <subfield code="k">SAX</subfield>
      <subfield code="l">a</subfield>
      <subfield code="o">b</subfield>
    </datafield>
    <datafield ind1=" " ind2=" " tag="541">
      <subfield code="e">L-2008-141399902</subfield>
    </datafield>
    <datafield ind1=" " ind2=" " tag="852">
      <subfield code="a">DE-101a</subfield>
    </datafield>
    <datafield ind1=" " ind2="0" tag="866">
      <subfield code="z">Gehoert nicht zum Sammelgebiet der Deutschen Nationalbibliothek</subfield>
    </datafield>
    <datafield ind1=" " ind2="0" tag="866">
      <subfield code="x">NSG, da fremdspr. Veröffentlichung des Auslandes, Entsch. Sod, 15.05.08</subfield>
    </datafield>
  </record>
</collection></recordData><recordPosition>4</recordPosition></record>