<record><recordSchema>MARC21plus-xml</recordSchema><recordPacking>xml</recordPacking><recordData><collection xmlns="http://www.loc.gov/MARC21/slim">
  <record type="Bibliographic">
    <leader>00658nas a22002178c 4500</leader>
    <controlfield tag="001">025815644</controlfield>
    <controlfield tag="003">DE-101</controlfield>
    <controlfield tag="005">20090118142210.0</controlfield>
    <controlfield tag="007">tu</controlfield>
    <controlfield tag="008">040329c20029999|||u||p|  ||| 0||||0||| c</controlfield>
    <datafield ind1="7" ind2=" " tag="016">
      <subfield code="2">DE-101</subfield>
      <subfield code="a">025815644</subfield>
    </datafield>
    <datafield ind1="7" ind2=" " tag="016">
      <subfield code="2">DE-600</subfield>
      <subfield code="a">2141329-0</subfield>
    </datafield>
    <datafield ind1=" " ind2=" " tag="035">
      <subfield code="a">(DE-599)ZDB2141329-0</subfield>
    </datafield>
    <datafield ind1=" " ind2=" " tag="035">
      <subfield code="a">(OCoLC)645550085</subfield>
    </datafield>
    <datafield ind1=" " ind2=" " tag="040">
      <subfield code="a">0012</subfield>
      <subfield code="b">ger</subfield>
      <subfield code="c">DE-101</subfield>
      <subfield code="d">9999</subfield>
    </datafield>
    <datafield ind1="7" ind2="4" tag="082">
      <subfield code="a">370</subfield>
      <subfield code="q">DE-600</subfield>
      <subfield code="2">22sdnb</subfield>
    </datafield>
    <datafield ind1=" " ind2=" " tag="084">
      <subfield code="a">370</subfield>
      <subfield code="q">DE-600</subfield>
      <subfield code="2">sdnb</subfield>
    </datafield>
    <datafield ind1="2" ind2=" " tag="110">
      <subfield code="0">(DE-588)1247980-9</subfield>
      <subfield code="0">(DE-101)968176224</subfield>
      <subfield code="a">InfraServ</subfield>
      <subfield code="g">Gendorf, Burgkirchen</subfield>
      <subfield code="4">aut</subfield>
    </datafield>
    <datafield ind1="1" ind2="0" tag="245">
      <subfield code="a">Aus- und Weiterbildung / InfraServ Gendorf, Aus- und Weiterbildung</subfield>
    </datafield>
    <datafield ind1="3" ind2=" " tag="260">
      <subfield code="a">Burgkirchen</subfield>
      <subfield code="b">[s.n.]</subfield>
    </datafield>
    <datafield ind1="0" ind2=" " tag="362">
      <subfield code="a">Nachgewiesen 2002 -</subfield>
    </datafield>
  </record>

  <record type="Holdings">
    <leader>00367ny  a22001573n 4500</leader>
    <controlfield tag="001">094588082</controlfield>
    <controlfield tag="003">DE-101</controlfield>
    <controlfield tag="004">025815644</controlfield>
    <controlfield tag="005">20070308104207.0</controlfield>
    <controlfield tag="008">021112||||||||||||||||ger|||||||</controlfield>
    <datafield ind1="7" ind2=" " tag="016">
      <subfield code="a">2141329-0</subfield>
      <subfield code="2">DE-600</subfield>
    </datafield>
    <datafield ind1=" " ind2=" " tag="035">
      <subfield code="a">(DE-604)8036076564754</subfield>
    </datafield>
    <datafield ind1=" " ind2=" " tag="092">
      <subfield code="a">800100-5</subfield>
      <subfield code="d">12</subfield>
      <subfield code="k">BAY</subfield>
      <subfield code="l">a</subfield>
      <subfield code="o">c</subfield>
    </datafield>
    <datafield ind1=" " ind2="1" tag="852">
      <subfield code="c">Wird nicht gesammelt</subfield>
      <subfield code="9">00</subfield>
    </datafield>
    <datafield ind1=" " ind2=" " tag="852">
      <subfield code="a">DE-12</subfield>
    </datafield>
    <datafield ind1="3" ind2="0" tag="866">
      <subfield code="a">Kein Bestand</subfield>
    </datafield>
  </record>
</collection></recordData><recordPosition>8</recordPosition></record><record><recordSchema>MARC21plus-xml</recordSchema><recordPacking>xml</recordPacking><recordData><collection xmlns="http://www.loc.gov/MARC21/slim">
  <record type="Holdings">
    <leader>00375ny  a22001693n 4500</leader>
    <controlfield tag="001">609242350</controlfield>
    <controlfield tag="003">DE-101</controlfield>
    <controlfield tag="004">963938347</controlfield>
    <controlfield tag="005">20111216023021.0</controlfield>
    <controlfield tag="008">020301||||||||||||||||ger|||||||</controlfield>
    <datafield ind1="7" ind2=" " tag="016">
      <subfield code="a">2642833-7</subfield>
      <subfield code="2">DE-600</subfield>
    </datafield>
    <datafield ind1=" " ind2=" " tag="092">
      <subfield code="a">950200-2</subfield>
      <subfield code="d">101a</subfield>
      <subfield code="k">SAX</subfield>
      <subfield code="l">a</subfield>
      <subfield code="o">b</subfield>
    </datafield>
    <datafield ind1=" " ind2=" " tag="541">
      <subfield code="e">L-2001-609242350</subfield>
    </datafield>
    <datafield ind1=" " ind2=" " tag="852">
      <subfield code="8">1</subfield>
    </datafield>
    <datafield ind1=" " ind2="1" tag="852">
      <subfield code="c">Z 2004 B 329</subfield>
      <subfield code="9">00</subfield>
    </datafield>
    <datafield ind1=" " ind2=" " tag="852">
      <subfield code="a">DE-101a</subfield>
    </datafield>
    <datafield ind1="3" ind2="0" tag="866">
      <subfield code="a">2001 - 2002</subfield>
    </datafield>
  </record>
  <record type="Holdings">
    <leader>00375ny  a22001693n 4500</leader>
    <controlfield tag="001">598112189</controlfield>
    <controlfield tag="003">DE-101</controlfield>
    <controlfield tag="004">963938347</controlfield>
    <controlfield tag="005">20111216023021.0</controlfield>
    <controlfield tag="008">020228||||||||||||||||ger|||||||</controlfield>
    <datafield ind1="7" ind2=" " tag="016">
      <subfield code="a">2642833-7</subfield>
      <subfield code="2">DE-600</subfield>
    </datafield>
    <datafield ind1=" " ind2=" " tag="092">
      <subfield code="a">600100-2</subfield>
      <subfield code="d">101b</subfield>
      <subfield code="k">HES</subfield>
      <subfield code="l">b</subfield>
      <subfield code="o">d</subfield>
    </datafield>
    <datafield ind1=" " ind2=" " tag="541">
      <subfield code="e">F-2001-598112189</subfield>
    </datafield>
    <datafield ind1=" " ind2=" " tag="852">
      <subfield code="8">1</subfield>
    </datafield>
    <datafield ind1=" " ind2="1" tag="852">
      <subfield code="c">Z 2004 B 329</subfield>
      <subfield code="9">00</subfield>
    </datafield>
    <datafield ind1=" " ind2=" " tag="852">
      <subfield code="a">DE-101b</subfield>
    </datafield>
    <datafield ind1="3" ind2="0" tag="866">
      <subfield code="a">2001 - 2002</subfield>
    </datafield>
  </record>