<record><recordSchema>MARC21plus-xml</recordSchema><recordPacking>xml</recordPacking><recordData><collection xmlns="http://www.loc.gov/MARC21/slim">
  <record type="Bibliographic">
    <leader>00827nas a2200265 c 4500</leader>
    <controlfield tag="001">991237374</controlfield>
    <controlfield tag="003">DE-101</controlfield>
    <controlfield tag="005">20120413083717.0</controlfield>
    <controlfield tag="007">tu</controlfield>
    <controlfield tag="008">081113c19949999au z||p|  ||| 0||||0ger c</controlfield>
    <datafield ind1="7" ind2=" " tag="016">
      <subfield code="2">DE-101</subfield>
      <subfield code="a">991237374</subfield>
    </datafield>
    <datafield ind1="7" ind2=" " tag="016">
      <subfield code="2">DE-600</subfield>
      <subfield code="a">2464911-9</subfield>
    </datafield>
    <datafield ind1=" " ind2=" " tag="035">
      <subfield code="a">(DE-599)ZDB2464911-9</subfield>
    </datafield>
    <datafield ind1=" " ind2=" " tag="035">
      <subfield code="a">(OCoLC)724002632</subfield>
    </datafield>
    <datafield ind1=" " ind2=" " tag="040">
      <subfield code="a">4060</subfield>
      <subfield code="b">ger</subfield>
      <subfield code="c">DE-101</subfield>
      <subfield code="d">9021</subfield>
    </datafield>
    <datafield ind1=" " ind2=" " tag="041">
      <subfield code="a">ger</subfield>
    </datafield>
    <datafield ind1=" " ind2=" " tag="044">
      <subfield code="c">XA-AT</subfield>
    </datafield>
    <datafield ind1="7" ind2="4" tag="082">
      <subfield code="a">630</subfield>
      <subfield code="a">640</subfield>
      <subfield code="a">620</subfield>
      <subfield code="q">DE-600</subfield>
      <subfield code="2">22sdnb</subfield>
    </datafield>
    <datafield ind1=" " ind2=" " tag="084">
      <subfield code="a">630</subfield>
      <subfield code="a">640</subfield>
      <subfield code="a">620</subfield>
      <subfield code="q">DE-600</subfield>
      <subfield code="2">sdnb</subfield>
    </datafield>
    <datafield ind1="2" ind2=" " tag="110">
      <subfield code="0">(DE-588)10160947-4</subfield>
      <subfield code="0">(DE-101)983041598</subfield>
      <subfield code="a">Mauch GesmbH &amp; Co. KG</subfield>
      <subfield code="g">Burgkirchen a. d. Alz</subfield>
      <subfield code="4">aut</subfield>
    </datafield>
    <datafield ind1="1" ind2="0" tag="245">
      <subfield code="a">Mauch aktuell</subfield>
      <subfield code="b">Informationsschrift der Firma Mauch Ges.m.b.H. &amp; Co. KG</subfield>
    </datafield>
    <datafield ind1="3" ind2=" " tag="260">
      <subfield code="a">Burgkirchen</subfield>
      <subfield code="b">[s.n.]</subfield>
    </datafield>
    <datafield ind1="0" ind2=" " tag="362">
      <subfield code="a">[Ausg. Nr. 1.1994]; Ausg. Nr. 2.1995 -</subfield>
    </datafield>
    <datafield ind1="0" ind2="1" tag="363">
      <subfield code="8">1.1\x</subfield>
      <subfield code="a">1</subfield>
      <subfield code="i">1994</subfield>
    </datafield>
    <datafield ind1=" " ind2=" " tag="515">
      <subfield code="a">Ersch. unregelmäßig</subfield>
    </datafield>
  </record>

  <record type="Holdings">
    <leader>00517ny  a22002053n 4500</leader>
    <controlfield tag="001">149053126</controlfield>
    <controlfield tag="003">DE-101</controlfield>
    <controlfield tag="004">991237374</controlfield>
    <controlfield tag="005">20090218171441.0</controlfield>
    <controlfield tag="008">070131||||||||||||||||ger|||||||</controlfield>
    <datafield ind1="7" ind2=" " tag="016">
      <subfield code="a">2464911-9</subfield>
      <subfield code="2">DE-600</subfield>
    </datafield>
    <datafield ind1=" " ind2=" " tag="035">
      <subfield code="a">(AT-9:OBV)001649720</subfield>
    </datafield>
    <datafield ind1=" " ind2=" " tag="090">
      <subfield code="a">a</subfield>
    </datafield>
    <datafield ind1=" " ind2=" " tag="092">
      <subfield code="a">030007-x</subfield>
      <subfield code="d">AT-OÖLB</subfield>
      <subfield code="k">WEU</subfield>
      <subfield code="l">b</subfield>
      <subfield code="o">d</subfield>
    </datafield>
    <datafield ind1=" " ind2=" " tag="852">
      <subfield code="8">00.01</subfield>
    </datafield>
    <datafield ind1=" " ind2="1" tag="852">
      <subfield code="c">OO-II-15751</subfield>
      <subfield code="9">00</subfield>
    </datafield>
    <datafield ind1=" " ind2="2" tag="852">
      <subfield code="b">ungebundene Jg. Zeitschriftenabt. Regal Nr. 491</subfield>
      <subfield code="9">09</subfield>
    </datafield>
    <datafield ind1=" " ind2=" " tag="852">
      <subfield code="a">AT-OOeLB</subfield>
    </datafield>
    <datafield ind1="0" ind2="1" tag="859">
      <subfield code="8">1.1\x</subfield>
      <subfield code="i">2001</subfield>
    </datafield>
    <datafield ind1="3" ind2="0" tag="866">
      <subfield code="a">2001,Nov.(=Ausgabe Nr.13) -</subfield>
    </datafield>
  </record>
  <record type="Holdings">
    <leader>00551ny  a22002173n 4500</leader>
    <controlfield tag="001">149070691</controlfield>
    <controlfield tag="003">DE-101</controlfield>
    <controlfield tag="004">991237374</controlfield>
    <controlfield tag="005">20091030171544.0</controlfield>
    <controlfield tag="008">081212||||||||||||||||ger|||||||</controlfield>
    <datafield ind1="7" ind2=" " tag="016">
      <subfield code="a">2464911-9</subfield>
      <subfield code="2">DE-600</subfield>
    </datafield>
    <datafield ind1=" " ind2=" " tag="035">
      <subfield code="a">(AT-9:OBV)001797891</subfield>
    </datafield>
    <datafield ind1=" " ind2=" " tag="090">
      <subfield code="a">a</subfield>
    </datafield>
    <datafield ind1=" " ind2=" " tag="092">
      <subfield code="a">030001-9</subfield>
      <subfield code="d">AT-ÖNB</subfield>
      <subfield code="k">WEU</subfield>
      <subfield code="l">a</subfield>
      <subfield code="o">c</subfield>
    </datafield>
    <datafield ind1=" " ind2=" " tag="852">
      <subfield code="8">00.01</subfield>
    </datafield>
    <datafield ind1=" " ind2="1" tag="852">
      <subfield code="c">1,888.036-C.Neu-Per</subfield>
      <subfield code="9">00</subfield>
    </datafield>
    <datafield ind1=" " ind2=" " tag="852">
      <subfield code="a">AT-OeNB</subfield>
    </datafield>
    <datafield ind1="0" ind2="0" tag="859">
      <subfield code="8">1.1\x</subfield>
      <subfield code="a">1</subfield>
      <subfield code="i">1994</subfield>
    </datafield>
    <datafield ind1="0" ind2="1" tag="859">
      <subfield code="8">2.1\x</subfield>
      <subfield code="a">2</subfield>
      <subfield code="i">1995</subfield>
    </datafield>
    <datafield ind1="3" ind2="0" tag="866">
      <subfield code="a">[Ausg. Nr. 1.1994]; Ausg. Nr. 2.1995 -</subfield>
    </datafield>
    <datafield ind1=" " ind2="0" tag="866">
      <subfield code="z">Lfde. Hefte in Zs.-Ls. benützbar</subfield>
    </datafield>
  </record>
</collection></recordData><recordPosition>10</recordPosition></record></records><nextRecordPosition>11</nextRecordPosition><echoedSearchRetrieveRequest><version>1.1</version><query>alz%3D190171-0</query><xQuery xmlns:xsi="http://www.w3.org/2001/XMLSchema-instance" xsi:nil="true"/><startRecord>1</startRecord><maximumRecords>10</maximumRecords><recordSchema>MARC21plus-xml</recordSchema></echoedSearchRetrieveRequest><extraResponseData><accountOf xmlns="">HBZ Köln</accountOf></extraResponseData></searchRetrieveResponse>